<?xml version="1.0" encoding="UTF-8"?><record xmlns="http://www.loc.gov/MARC21/slim" xmlns:cinclude="http://apache.org/cocoon/include/1.0" xmlns:zs="http://www.loc.gov/zing/srw/">
  <leader>02063cz  a2200361n  4500</leader>
  <controlfield tag="001">no2004055022</controlfield>
  <controlfield tag="003">DLC</controlfield>
  <controlfield tag="005">20130806073818.0</controlfield>
  <controlfield tag="008">040609n| azannaabn          |b aaa     c</controlfield>
  <datafield tag="010" ind1=" " ind2=" ">
    <subfield code="a">no2004055022</subfield>
    <subfield code="z">no2007095154</subfield>
    <subfield code="z">no2007138394</subfield>
  </datafield>
  <datafield tag="035" ind1=" " ind2=" ">
    <subfield code="a">(OCoLC)oca06366314</subfield>
  </datafield>
  <datafield tag="040" ind1=" " ind2=" ">
    <subfield code="a">NNC</subfield>
    <subfield code="b">eng</subfield>
    <subfield code="e">rda</subfield>
    <subfield code="c">NNC</subfield>
    <subfield code="d">DLC</subfield>
    <subfield code="d">IEN</subfield>
    <subfield code="d">UkOxU</subfield>
    <subfield code="d">OCoLC</subfield>
    <subfield code="d">CSt</subfield>
    <subfield code="d">DLC</subfield>
    <subfield code="d">OrU</subfield>
    <subfield code="d">IEN</subfield>
    <subfield code="d">ICU</subfield>
    <subfield code="d">ICA</subfield>
    <subfield code="d">IEN</subfield>
  </datafield>
  <datafield tag="046" ind1=" " ind2=" ">
    <subfield code="f">1953</subfield>
  </datafield>
  <datafield tag="100" ind1="1" ind2=" ">
    <subfield code="a">Khmelʹnit︠s︡kiĭ, Dmitriĭ</subfield>
  </datafield>
  <datafield tag="372" ind1=" " ind2=" ">
    <subfield code="a">Architecture</subfield>
    <subfield code="2">lcsh</subfield>
  </datafield>
  <datafield tag="374" ind1=" " ind2=" ">
    <subfield code="a">Architects</subfield>
    <subfield code="a">Historians</subfield>
    <subfield code="a">Architectural historians</subfield>
    <subfield code="a">Authors</subfield>
    <subfield code="2">lcsh</subfield>
  </datafield>
  <datafield tag="375" ind1=" " ind2=" ">
    <subfield code="a">male</subfield>
  </datafield>
  <datafield tag="377" ind1=" " ind2=" ">
    <subfield code="a">rus</subfield>
  </datafield>
  <datafield tag="378" ind1=" " ind2=" ">
    <subfield code="q">Dmitriĭ Sergeevich</subfield>
  </datafield>
  <datafield tag="400" ind1="1" ind2=" ">
    <subfield code="a">Khmelʹnit︠s︡kiĭ D. S.</subfield>
    <subfield code="q">(Dmitriĭ Sergeevich)</subfield>
  </datafield>
  <datafield tag="400" ind1="1" ind2=" ">
    <subfield code="a">Khmelʹnit︠s︡kiĭ, Dm.</subfield>
    <subfield code="q">(Dmitriĭ)</subfield>
  </datafield>
  <datafield tag="400" ind1="1" ind2=" ">
    <subfield code="w">nne</subfield>
    <subfield code="a">Khmelʹnit︠s︡kiĭ, D.</subfield>
    <subfield code="q">(Dmitriĭ)</subfield>
  </datafield>
  <datafield tag="400" ind1="1" ind2=" ">
    <subfield code="a">Хмельницкий, Дмитрий</subfield>
  </datafield>
  <datafield tag="400" ind1="1" ind2=" ">
    <subfield code="a">Chmelnizki, Dmitrij</subfield>
  </datafield>
  <datafield tag="400" ind1="1" ind2=" ">
    <subfield code="a">Khmelnitsky, Dmitry S.</subfield>
  </datafield>
  <datafield tag="667" ind1=" " ind2=" ">
    <subfield code="a">Machine-derived non-Latin script reference project.</subfield>
  </datafield>
  <datafield tag="667" ind1=" " ind2=" ">
    <subfield code="a">Non-Latin script reference not evaluated.</subfield>
  </datafield>
  <datafield tag="670" ind1=" " ind2=" ">
    <subfield code="a">Pod zvonkiĭ golos krovi, 2004:</subfield>
    <subfield code="b">t.p. (Dmitriĭ Khmelʹnit︠s︡kiĭ) cover (Dm. Khmelʹnit︠s︡kiĭ)</subfield>
  </datafield>
  <datafield tag="670" ind1=" " ind2=" ">
    <subfield code="a">Pravda Viktora Suvorova, 2006-2007:</subfield>
    <subfield code="b">t. 2, t.p. (D. Khmelʹnit︠s︡kiĭ) colophon (Dmitriĭ Khmelʹnit︠s︡kiĭ)</subfield>
  </datafield>
  <datafield tag="670" ind1=" " ind2=" ">
    <subfield code="a">Die architektur Stalins, 2007:</subfield>
    <subfield code="b">t.p. (Dmitrij Chmelnizki) back cover (Dr.-Ing. Dmitrij Chmelnizki, b. 1953, architect and architectural historian)</subfield>
  </datafield>
  <datafield tag="670" ind1=" " ind2=" ">
    <subfield code="a">Überfall auf Europa, c2009:</subfield>
    <subfield code="b">t.p. (Dmitrij Chmelnizki) p. 312 (Dr.-Ing.; b. 1953; lists publs.)</subfield>
  </datafield>
  <datafield tag="670" ind1=" " ind2=" ">
    <subfield code="a">Nat︠s︡istskai︠a︡ propaganda protiv SSSR, c2010:</subfield>
    <subfield code="b">t.p. (Дмитрий Хмельницкий = Dmitriĭ Khmelʹnit︠s︡kiĭ) t.p. verso (Khmelʹnit︠s︡kiĭ D. S.) colophon (Дмитрий Сергеевич Хмельницкий = Dmitriĭ Sergeevich Khmelʹnit︠s︡kiĭ)</subfield>
  </datafield>
  <datafield tag="670" ind1=" " ind2=" ">
    <subfield code="a">Yakov Chernikhov, 2013:</subfield>
    <subfield code="b">t.p. (Dmitry S. Khmelnitsky) p. 3 of cover (Dmitry Sergeyevich Khmelnitsky; b. 1953; architect, architectural historian, and writer)</subfield>
  </datafield>
</record>